@Manual{h2opkg,
    title = {R Interface for H2O},
    author = {H2O.ai},
    year = {2016},
    note = {R package version 3.10.0.8},
    url = {https://github.com/h2oai/h2o-3}
}

@Manual{superlearnerpkg,
  title = {{SuperLearner}: Super Learner Prediction},
  author = {Eric Polley and Erin LeDell and Chris Kennedy and Mark {van der Laan}},
  year = {2019},
  note = {R package version 2.0-25},
  url = {https://CRAN.R-project.org/package=SuperLearner},
}

@Manual{xgboostpkg,
  title = {{xgboost}: Extreme Gradient Boosting},
  author = {Tianqi Chen and Tong He and Michael Benesty and Vadim Khotilovich and Yuan Tang and Hyunsu Cho and Kailong Chen and Rory Mitchell and Ignacio Cano and Tianyi Zhou and Mu Li and Junyuan Xie and Min Lin and Yifeng Geng and Yutian Li},
  year = {2019},
  note = {R package version 0.82.1},
  url = {https://CRAN.R-project.org/package=xgboost},
}
@Article{glmnetpkg,
  title = {Regularization Paths for Generalized Linear Models via Coordinate Descent},
  author = {Jerome Friedman and Trevor Hastie and Robert Tibshirani},
  journal = {Journal of Statistical Software},
  year = {2010},
  volume = {33},
  number = {1},
  pages = {1--22},
  doi = {10.18637/jss.v033.i01},
}

@Article{rangerpkg,
  title = {{ranger}: A Fast Implementation of Random Forests for High Dimensional Data in {C++} and {R}},
  author = {Marvin N. Wright and Andreas Ziegler},
  journal = {Journal of Statistical Software},
  year = {2017},
  volume = {77},
  number = {1},
  pages = {1--17},
  doi = {10.18637/jss.v077.i01},
}
@Article{vimppkg,
    title = {{vimp}: Perform Inference on Algorithm-Agnostic Variable Importance},
    author = {Brian D. Williamson and Noah Simon and Marco Carone},
    year = {2020},
    note = {R package version 2.0.2},
    url = {https://CRAN.R-project.org/package=vimp},
}

@article{yoon2015catnap,
  title={{CATNAP}: a tool to compile, analyze and tally neutralizing antibody panels},
  author={Yoon, Hyejin and Macke, Jennifer and West Jr, Anthony P and Foley, Brian and Bjorkman, Pamela J and Korber, Bette and Yusim, Karina},
  journal={Nucleic Acids Research},
  volume={43},
  number={W1},
  pages={W213--W219},
  year={2015},
  publisher={Oxford University Press},
  doi={10.1093/nar/gkv404}
}

@article{magaret2019prediction,
  title={Prediction of {VRC01} neutralization sensitivity by {HIV-1} {gp160} sequence features},
  author={Magaret, Craig A and Benkeser, David C and Williamson, Brian D and Borate, Bhavesh R and Carpp, Lindsay N and Georgiev, Ivelin S and Setliff, Ian and Dingens, Adam S and Simon, Noah and Carone, Marco and others},
  journal={PLoS Computational Biology},
  volume={15},
  number={4},
  pages={e1006952},
  year={2019},
  publisher={Public Library of Science},
  doi={10.1371/journal.pcbi.1006952}
}
@article{wagh2016optimal,
  title={Optimal combinations of broadly neutralizing antibodies for prevention and treatment of {HIV-1} clade {C} infection},
  author={Wagh, Kshitij and Bhattacharya, Tanmoy and Williamson, Carolyn and Robles, Alex and Bayne, Madeleine and Garrity, Jetta and Rist, Michael and Rademeyer, Cecilia and Yoon, Hyejin and Lapedes, Alan and others},
  journal={PLoS Pathogens},
  volume={12},
  number={3},
  year={2016},
  publisher={Public Library of Science},
  doi={10.1371/journal.ppat.1005520}
}
@article{shen2008dose,
  title={Dose-response curve slope sets class-specific limits on inhibitory potential of {anti-HIV} drugs},
  author={Shen, Lin and Peterson, Susan and Sedaghat, Ahmad R and McMahon, Moira A and Callender, Marc and Zhang, Haili and Zhou, Yan and Pitt, Eleanor and Anderson, Karen S and Acosta, Edward P and others},
  journal={Nature Medicine},
  volume={14},
  number={7},
  pages={762--766},
  year={2008},
  publisher={Nature Publishing Group},
  doi={10.1038/nm1777}
}
@article{breiman2001,
  title={Random forests},
  author={Breiman, Leo},
  journal={Machine Learning},
  volume={45},
  number={1},
  pages={5--32},
  year={2001},
  publisher={Springer},
  doi={10.1023/A:1010933404324}
}
@article{friedman2001,
  title={Greedy function approximation: a gradient boosting machine},
  author={Friedman, Jerome H},
  journal={Annals of Statistics},
  pages={1189--1232},
  year={2001},
  publisher={JSTOR},
  doi={10.1214/aos/1013203451}
}
@article{zou2005,
  title={Regularization and variable selection via the elastic net},
  author={Zou, Hui and Hastie, Trevor},
  journal={Journal of the Royal Statistical Society: Series B (Statistical Methodology)},
  volume={67},
  number={2},
  pages={301--320},
  year={2005},
  publisher={Wiley Online Library},
  doi={10.1111/j.1467-9868.2005.00503.x}
}
@article{vanderlaan2007,
  title={Super Learner},
  author={{van der Laan}, Mark J and Polley, Eric C and Hubbard, Alan E},
  journal={Statistical Applications in Genetics and Molecular Biology},
  volume={6},
  number={1},
  year={2007},
  publisher={De Gruyter},
  doi={10.2202/1544-6115.1309}
}
@article{williamson2020,
  title={A unified approach for inference on algorithm-agnostic variable importance},
  author={Williamson, Brian D and Gilbert, Peter B and Simon, Noah R and Carone, Marco},
  journal={arXiv preprint},
  url={https://arxiv.org/abs/2004.03683},
  year={2020}
}

@inproceedings{chen2016,
  title={xgboost: A scalable tree boosting system},
  author={Chen, Tianqi and Guestrin, Carlos},
  booktitle={Proceedings of the 22nd ACM SIGKDD International Conference on Knowledge Discovery and Data Mining},
  pages={785--794},
  year={2016},
  doi={10.1145/2939672.2939785}
}

@article{brent1971,
  title={An algorithm with guaranteed convergence for finding a zero of a function},
  author={Brent, Richard P.},
  journal={The Computer Journal},
  volume={14},
  number={4},
  pages={422--425},
  year={1971}
}
